<record><leader>00000cas a22000007a 4500</leader><controlfield tag="001">12928787</controlfield><controlfield tag="008">851218d19041912aludr ne      0    0eng d</controlfield><datafield ind1=" " ind2=" " tag="010"><subfield code="a">sn 85045148 </subfield></datafield><datafield ind1=" " ind2=" " tag="040"><subfield code="a">AAR</subfield><subfield code="b">eng</subfield><subfield code="c">AAR</subfield><subfield code="d">CPN</subfield><subfield code="d">OCLCQ</subfield></datafield><datafield ind1=" " ind2=" " tag="042"><subfield code="a">msc</subfield></datafield><datafield ind1="0" ind2="0" tag="245"><subfield code="a">Anniston daily hot blast.</subfield></datafield><datafield ind1="1" ind2="7" tag="246"><subfield code="a">Anniston hot blast</subfield></datafield><datafield ind1=" " ind2=" " tag="260"><subfield code="a">Anniston, Ala. :</subfield><subfield code="b">[s.n.],</subfield><subfield code="c">1904-</subfield></datafield><datafield ind1=" " ind2=" " tag="300"><subfield code="a">v. :</subfield><subfield code="b">ill. ;</subfield><subfield code="c">57 cm.</subfield></datafield><datafield ind1=" " ind2=" " tag="310"><subfield code="a">Daily</subfield></datafield><datafield ind1="0" ind2=" " tag="362"><subfield code="a">Mar. 9, 1904-Mar. 24, 1904 ; v. 22, no. 72 (Mar. 25, 1904)-</subfield></datafield><datafield ind1="1" ind2=" " tag="362"><subfield code="a">Ceased in 1912.</subfield></datafield><datafield ind1=" " ind2=" " tag="752"><subfield code="a">United States</subfield><subfield code="b">Alabama</subfield><subfield code="c">Calhoun</subfield><subfield code="d">Anniston.</subfield></datafield><datafield ind1="0" ind2="0" tag="780"><subfield code="t">Anniston hot blast (Anniston, Ala. : Daily)</subfield><subfield code="w">(DLC)sn 85045147</subfield></datafield><datafield ind1="0" ind2="7" tag="785"><subfield code="t">Anniston evening star</subfield><subfield code="w">(DLC)sn 85045149</subfield></datafield><datafield ind1="0" ind2="7" tag="785"><subfield code="t">Star and hot blast</subfield><subfield code="w">(DLC)sn 85045154</subfield></datafield></record>